@online{tesla,
	author = {FAZ},
	title  = {Tesla investiert 1,5 Milliarden Dollar in Bitcoin},
	urldate = {2021-05-01},
	year = {2021},
	url    = {https://www.faz.net/aktuell/finanzen/tesla-investiert-1-5-milliarden-dollar-in-bitcoin-17187254.html},
	keywords = {online}
}

@article{de_vries_renewable_2019,
	title = {Renewable Energy Will Not Solve Bitcoin’s Sustainability Problem},
	volume = {3},
	issn = {25424351},
	url = {https://linkinghub.elsevier.com/retrieve/pii/S254243511930087X},
	doi = {10.1016/j.joule.2019.02.007},
	language = {en},
	number = {4},
	urldate = {2021-05-19},
	journal = {Joule},
	author = {de Vries, Alex},
	month = {apr},
	year = {2019},
	pages = {893--898},
}

@book{test123,
	author = {Ludwig Trepl},
	title = {Allgemeine Ökologie, Band 1: Organismus und Umwelt},
	year = {2005},
	isbn = {3631534744},
	edition = {1st},
	publisher = {Peter Lang GmbH, Internationaler Verlag der Wissenschaften},
	address = {test},
}

@conference {288,
	title = {ROS: an open-source Robot Operating System},
	booktitle = {ICRA Workshop on Open Source Software},
	year = {2009},
	attachments = {http://www.willowgarage.com/sites/default/files/icraoss09-ROS.pdf},
	author = {Morgan Quigley and Ken Conley and Brian P. Gerkey and Josh Faust and Tully Foote and Jeremy Leibs and Rob Wheeler and Andrew Y. Ng}
}

@inproceedings{Abadi:2016:TSL:3026877.3026899,
	author = {Abadi, Mart\'{\i}n and Barham, Paul and Chen, Jianmin and Chen, Zhifeng and Davis, Andy and Dean, Jeffrey and Devin, Matthieu and Ghemawat, Sanjay and Irving, Geoffrey and Isard, Michael and Kudlur, Manjunath and Levenberg, Josh and Monga, Rajat and Moore, Sherry and Murray, Derek G. and Steiner, Benoit and Tucker, Paul and Vasudevan, Vijay and Warden, Pete and Wicke, Martin and Yu, Yuan and Zheng, Xiaoqiang},
	title = {TensorFlow: A System for Large-scale Machine Learning},
	booktitle = {Proceedings of the 12th USENIX Conference on Operating Systems Design and Implementation},
	series = {OSDI'16},
	year = {2016},
	isbn = {978-1-931971-33-1},
	location = {Savannah, GA, USA},
	pages = {265--283},
	numpages = {19},
	url = {http://dl.acm.org/citation.cfm?id=3026877.3026899},
	acmid = {3026899},
	publisher = {USENIX Association},
	address = {Berkeley, CA, USA},
} 

@misc{chollet2015,
	author={Chollet, Fran\c{c}ois and others},
	title = {Keras},
	year = {2015},
	publisher = {GitHub},
	journal = {GitHub repository},
	urldate = {2018-04-03},
	howpublished = {\url{https://github.com/fchollet/keras}},
	keywords= {online}
}
