@online{Gbtcvsbc21,
	title = {Google Trends - Bitcoin vs Blockchain},
	url = {(https://trends.google.com/trends/explore?q=Bitcoin,Blockchain)},
	titleaddon = {Google Trends},
	urldate = {2021-06-08},
	date = {2021},
	langid = {german}
}


@Article{Jeff18,
	title = {Meet the Teenage Dropout Who Became a Bitcoin Millionaire},
	url = {https://fee.org/articles/meet-the-teenage-dropout-who-became-a-bitcoin-millionaire/},
	author = {Jeff Francis},
	urldate = {2018-01-05},
	date = {2018},
	langid = {english},
}
