@online{Gbtcvsbc21,
	title = {Google Trends - Bitcoin vs Blockchain},
	url = {(https://trends.google.com/trends/explore?q=Bitcoin,Blockchain)},
	titleaddon = {Google Trends},
	urldate = {2021-06-08},
	date = {2021},
	langid = {german}
}


@Article{Jeff18,
	title = {Meet the Teenage Dropout Who Became a Bitcoin Millionaire},
	url = {https://fee.org/articles/meet-the-teenage-dropout-who-became-a-bitcoin-millionaire/},
	author = {Jeff Francis},
	urldate = {2018-01-05},
	date = {2018},
	langid = {english},
}

@online{Binance21,
	title = {Was ist ein Konsens-Algorithmus?n},
	url = {(https://academy.binance.com/de/articles/what-is-a-blockchain-consensus-algorithm)},
	titleaddon = {Binance Academy},
	urldate = {2021-05-05},
	date = {2021},
	langid = {german}
}

@Article{bdew20,
	title = {Was ist Blockchain?},
	url = {https://www.computerwoche.de/a/blockchain-was-ist-das,3227284},
	author = {Simon Hülsbömer},
	date = {2021},
	langid = {german},
}


@Article{bdew20,
	title = {Smart Metering: Was Sie über intelligente Messysteme wissen sollten},
	url = {https://www.bdew.de/energie/digitalisierung/welche-rolle-spielen-smart-meter-fuer-die-digitalisierung-der-energiewende/},
	author = {BDEW},
	date = {2020},
	langid = {german},
}

