

@online{tesla,
	author = {FAZ},
	title  = {Tesla investiert 1,5 Milliarden Dollar in Bitcoin},
	urldate = {2021-05-01},
	year = {2021},
	url    = {https://www.faz.net/aktuell/finanzen/tesla-investiert-1-5-milliarden-dollar-in-bitcoin-17187254.html},
	keywords = {online}
}

@article{de_vries_renewable_2019,
	title = {Renewable Energy Will Not Solve Bitcoin’s Sustainability Problem},
	volume = {3},
	issn = {25424351},
	url = {https://linkinghub.elsevier.com/retrieve/pii/S254243511930087X},
	doi = {10.1016/j.joule.2019.02.007},
	language = {en},
	number = {4},
	urldate = {2021-05-24},
	journal = {Joule},
	author = {de Vries, Alex},
	month = {apr},
	year = {2019},
	pages = {893--898},
}



@online{bitcoin,
	author = {Insa Wrede DW},
	title  = {Der unersättliche Stromfresser: Bitcoin},
	urldate = {2021-05-1},
	year = {2021},
	url    = {https://www.dw.com/de/energie-stromverbrauch-bitcoin-mining/a-56589030},
	keywords = {online}
}


@online{bitcoinWiki,
	author = {the economist},
	title  = {The great chain of being sure about things},
	urldate = {2021-05-2},
	year = {2015},
	url    = {https://www.economist.com/briefing/2015/10/31/the-great-chain-of-being-sure-about-things},
	keywords = {online}
}


@online{teslaOut,
	author = {Deutschlandfunk},
	title  = {Umweltsünder Bitcoin},
	urldate = {2021-05-15},
	year = {2021},
	url    = {https://www.tagesschau.de/wirtschaft/technologie/bitcoin-mining-umwelt-energie-strom-101.html},
	keywords = {online}
}


@online{oekologischeN,
	author  = {Johann Dréo},
	title   = {Developpement durable},
	year    = {2009},
	urldate = {2021-05-24},
	url     = {https://de.wikipedia.org/wiki/Nachhaltigkeit#/media/Datei:Developpement_durable_de.svg},
	keywords= {image}
}




@online{miningChina,
	author  = {Morgen E. Peck},
	title   = {Why the Biggest Bitcoin Mines Are in China},
	year    = {2017},
	urldate = {2021-05-26},
	url     = {https://spectrum.ieee.org/computing/networks/why-the-biggest-bitcoin-mines-are-in-china},
	keywords= {online}
}




@online{p2p,
	author  = {Karthika Veeramani},
	title   = {Client-Server vs P2P},
	year    = {2019},
	urldate = {2021-05-26},
	url     = {https://www.researchgate.net/profile/Karthika-Veeramani/publication/335480185/figure/fig2/AS:797402890006528@1567127072423/Client-server-and-P2P-network-models.ppm},
	keywords= {image}
}



@online{catalonia,
	author  = {JEREMY MALCOLM},
	title   = {No Justification for Spanish Internet Censorship During Catalonian Referendum},
	year    = {2017},
	urldate = {2021-05-26},
	url     = {https://www.eff.org/deeplinks/2017/10/no-justification-spanish-internet-censorship-during-catalonian-referendum},
	keywords= {online}
}



@online{arpanet,
	author  = {living internet},
	title   = {ARPANET – The First Internet},
	year    = {/},
	urldate = {2021-05-26},
	url     = {https://www.livinginternet.com/i/ii_arpanet.htm},
	keywords= {online}
}

@online{ProofOfStake,
	author  = {CONG T. NGUYEN1, DINH THAI HOANG},
	title = {Proof-of-Stake Consensus Mechanisms for Future Blockchain Networks: Fundamentals, Applications and Opportunities},
	year    = {2019},
	urldate = {2021-06-01},
	url     = {https://ieeexplore.ieee.org/stamp/stamp.jsp?arnumber=8746079},
	keywords= {online}
}

@online{smartContract,
	author  = {Kai Schiller},
	title = {Was sind Smart Contracts? Definition und Erklärung},
	year    = {2018},
	urldate = {2021-05-28},
	url     = {https://blockchainwelt.de/smart-contracts-vertrag-blockchain/},
	keywords= {online}
}

@online{lieferkette,
	author  = {Bocek, Thomas},
	title = {Lieferketten dank Blockchain überwachen},
	year    = {2019},
	urldate = {2021-05-28},
	url     = {https://www.zora.uzh.ch/id/eprint/184622/1/09_Bocek_Stiller_DE.pdf},
	keywords= {online}
}

@online{vechain,
	author  = {Matt Hussey},
	title = {What is VeChain?},
	year    = {2019},
	urldate = {2021-05-29},
	url     = {https://decrypt.co/resources/vechain},
	keywords= {online}
}

@online{veDoc,
	author  = {Amogo Networx},
	title = {Blockchain In Food Industry (Part 2)},
	year    = {2020},
	urldate = {2021-05-28},
	url     = {https://www.youtube.com/watch?v=egFa6iTxN60},
	keywords= {online}
}




@article{doi:nachhaltig,
	author = {Ulrich Grober},
	title = {Urtexte – Carlowitz und die Quellen unseres Nachhaltigkeitsbegriffs},
	journal = {Natur und Landschaft},
	volume = {1},
	number = {2},
	pages = {46},
	year = {2013},
	doi = {},
	URL = {https://www.kohlhammer.de/wms/instances/KOB/appDE/Natur-und-Landschaft-88-2013-02},
	eprint = {},
	abstract = { }
}


@book{test123,
	author = {Ludwig Trepl},
	title = {Allgemeine Ökologie, Band 1: Organismus und Umwelt},
	year = {2005},
	isbn = {3631534744},
	edition = {1st},
	publisher = {Peter Lang GmbH, Internationaler Verlag der Wissenschaften},
	address = {test},
}

@book{tokenEco,
	author = {Shermin Voshmgir},
	title = {Token economy},
	year = {2020},
	isbn = {3982103819},
	edition = {2nd},
	publisher = {BlockchainHub Berlin},
	address = {https://github.com/sherminvo/TokenEconomyBook},
}

Niels Referenzen - Start

@article{de_vries_renewable_2019,
  title    = {Renewable Energy Will Not Solve Bitcoin’s Sustainability Problem},
  volume   = {3},
  issn     = {25424351},
  url      = {https://linkinghub.elsevier.com/retrieve/pii/S254243511930087X},
  doi      = {10.1016/j.joule.2019.02.007},
  language = {en},
  number   = {4},
  urldate  = {2021-05-19},
  journal  = {Joule},
  author   = {de Vries, Alex},
  month    = apr,
  year     = {2019},
  pages    = {893--898}
}

@misc{de_vries_bitcoin_nodate,
  type     = {A platform that is dedicated to exposing the unintended consequences of digital trends, typically from an economic perspective},
  title    = {Bitcoin Energy Consumption Index - Digiconomist},
  url      = {https://digiconomist.net/bitcoin-energy-consumption},
  language = {en},
  urldate  = {2021-05-25},
  journal  = {Digiconomist},
  author   = {de Vries, Alex}
}

@article{forti_global_nodate,
  title    = {The Global E-waste Monitor 2020},
  language = {en},
  author   = {Forti, Vanessa and Baldé, Cornelis Peter and Kuehr, Ruediger and Bel, Garam},
  pages    = {9; 74}
}

@article{taylor_evolution_2017,
  title    = {The Evolution of Bitcoin Hardware},
  volume   = {50},
  issn     = {0018-9162},
  url      = {http://ieeexplore.ieee.org/document/8048662/},
  doi      = {10.1109/MC.2017.3571056},
  language = {en},
  number   = {9},
  urldate  = {2021-06-01},
  journal  = {Computer},
  author   = {Taylor, Michael Bedford},
  year     = {2017},
  pages    = {58--66}
}

@misc{michel_rauchs_cbeci_nodate,
  title    = {CBECI SHA-256 mining eqp list},
  url      = {https://docs.google.com/spreadsheets/d/1ciqka_-t0zDSOVyB4yhVZBfLFGKwJMlQ2EwA0CB1ljM/edit},
  abstract = {SHA-256
CBECI SHA-256 Mining Equipment List
Last updated: 11 January 2021
You are welcome to contribute to this list: please feel free to suggest new mining machines to be added to the list, specify the real average efficiency for a given equipment type, or provide estimates on the number of mac...},
  language = {en},
  urldate  = {2021-06-01},
  journal  = {Google Docs},
  author   = {Michel Rauchs and Apolline Blandin and Anton Dek and Yue Wu}
}

@misc{hoffman_chia_2021,
  title    = {Chia plotting basics},
  url      = {https://chia.net/2021/02/22/plotting-basics.html},
  abstract = {Introduction},
  urldate  = {2021-06-01},
  journal  = {Chia Network},
  author   = {Hoffman, Gene},
  month    = feb,
  year     = {2021}
}

@misc{blockchaincom_statistic_nodate,
  type     = {Statistics},
  title    = {Statistic - Total Hash Rate (TH/s)},
  url      = {https://www.blockchain.com/charts/hash-rate},
  abstract = {The estimated number of terahashes per second the bitcoin network is performing in the last 24 hours.},
  language = {en},
  urldate  = {2021-06-02},
  journal  = {Blockchain.com},
  author   = {Blockchain.com}
}

@misc{hoffman_plot_2021,
  title     = {Plot Size - Chia},
  copyright = {Apache-2.0},
  url       = {https://github.com/Chia-Network/chia-blockchain},
  abstract  = {Chia blockchain python implementation (full node, farmer, harvester, timelord, and wallet)},
  urldate   = {2021-06-03},
  publisher = {Chia Network},
  author    = {Hoffman, Gene},
  month     = jun,
  year      = {2021},
  note      = {original-date: 2019-07-16T08:32:40Z}
}

Niels Referenzen - Ende













