
@online{Google_google_2021,
	title = {Google Trends - blockchain (Weltweit)},
	url = {https://trends.google.com/trends/explore?date=all&q=blockchain},
	abstract = {Suchinteresse für "blockchain" nach Zeitraum, Ort und Beliebtheit bei Google Trends erkunden},
	titleaddon = {Google Trends},
	urldate = {2021-06-08},
	date = {2021},
	langid = {german}
}

@article{ovide_what_2021,
	title = {What is a Blockchain? Is It Hype?},
	issn = {0362-4331},
	url = {https://www.nytimes.com/2021/01/26/technology/what-is-blockchain.html},
	shorttitle = {What is a Blockchain?},
	abstract = {A technology based on a decentralized network may offer more control over what people do online.},
	journaltitle = {The New York Times},
	author = {Ovide, Shira},
	urldate = {2021-06-08},
	date = {2021-01-26},
	langid = {american},
	keywords = {Bitcoin (Currency), Blockchain (Technology), Computers and the Internet},
	file = {Snapshot:/Users/samsc/Zotero/storage/72NWWVGT/what-is-blockchain.html:text/html}
}

@online{shermin_blockchain_2019,
	title = {Blockchain Explained - Intro - Beginners Guide to Blockchain},
	url = {https://blockchainhub.net/blockchain-intro/},
	abstract = {Definition Blockchain: enables P2P value transactions without a middleman, next generation Internet, web3, trustless trust, machine consensus, Bitcoin},
	titleaddon = {{BlockchainHub}},
	author = {Shermin, Voshmgir},
	urldate = {2021-06-08},
	date = {2019},
	langid = {american},
	file = {Snapshot:/Users/samsc/Zotero/storage/KY47JNA7/blockchain-intro.html:text/html}
}

@Article{WEF_global_2021,
	title = {The Global Risks Report 2021},
	url = {https://www.weforum.org/reports/the-global-risks-report-2021/},
	abstract = {The 16th edition of the World Economic Forum’s Global Risks Report analyses the risks from societal fractures—manifested through persistent and emerging risks to human health, rising unemployment, widening digital divides, youth disillusionment, and geopolitical fragmentation.},
	institution = {World Economic Forum},
	urldate = {2021-06-08},
	date = {2021},
	langid = {english},
	file = {Snapshot:/Users/samsc/Zotero/storage/LRTGG3TP/the-global-risks-report-2021.html:text/html}
}
