
@online{waters_musk_2021,
	title = {Musk says Tesla no longer plans to accept payment in bitcoin},
	url = {https://www.ft.com/content/052853fa-9816-4624-8dd3-6321c01ac875},
	abstract = {Cryptocurrencyâ€™s price falls after chief executive goes from evangelist to critic, citing environmental impact},
	author = {Waters, Richard},
	urldate = {2021-06-01},
	date = {2021-05-12},
	langid = {british},
	file = {Snapshot:/Users/samsc/Zotero/storage/MPS4ED8B/052853fa-9816-4624-8dd3-6321c01ac875.html:text/html}
}